@misc{DoctronicsScopes,
  author = {Phillips, W.},
  title = {Using an Oscilloscope},
  url = {http://www.doctronics.co.uk/scope.htm},
  note = "accessed 26/01/14"
}

@misc{TiePieScopes,
  author = {{TiePie Engineering}},
  title = {Digital Data Acquisition},
  url = {http://www.tiepie.com/en/classroom/Measurement_basics/Digital_Data_Acquisition},
  note = "accessed 26/01/14"
}

@misc{ElectronicDesignMSO,
  author = {Woodward, Joel},
  title = {What's the Difference Betwen a Mixed-Signal Oscilloscope And A Logic Analyzer?},
  year = {2012},
  url = {http://electronicdesign.com/test-amp-measurement/what-s-difference-between-mixed-signal-oscilloscope-and-logic-analyzer},
  note = "accessed 26/01/14"
}

@misc{Bitscope,
  author = {{Bitscope}},
  title = {Bitscope Logic Analyzer},
  url = {http://www.bitscope.com/software/logic/06.png},
  note = "accessed 26/01/14"
}


@misc{PicotechScopes,
  author = {Tong, Alan},
  title = {What to Look for When Choosing an Oscilloscope},
  year = 2014,
  url = {http://www.picotech.com/applications/oscilloscope_tutorial.html},
  note = "accessed 02/01/14"
}

@misc(GabotronicsScopes,
  author = {{Gabotronics}},
  title = {Digital oscilloscopes for hobbyists},
  year = 2013,
  url = {http://www.gabotronics.com/resources/hobbyists-oscilloscopes.htm},
  note = "accessed 02/01/14"
}

@misc{EquivalentTimeSampling,
  author = {Roy, Julian},
  title = {Real-time processing system for dual-comb spectroscopy},
  year = 2013,
  url = {http://nutaq.com/en/blog/real-time-processing-system-dual-comb-spectroscopy-part-1},
  note = "accessed 26/01/14"
}

@misc{PicotechTriggers,
  author = {{Picotech}},
  title = {Advanced Triggering with PicoScope},
  year = 2014,
  url = {http://www.picotech.com/education/oscilloscopes/advanced-triggering.html},
  note = "accessed 02/01/14"
};

@misc{MAX114,
  author = {{Maxim Integrated}},
  title = {MAX114/MAX118 Datasheet},
  url = {http://datasheets.maximintegrated.com/en/ds/MAX114-MAX118.pdf},
  note = "accessed 02/01/14"
}

@misc{CP2102,
  author = {{Silicon Labs}},
  title = {Single-chip USB to UART Bridge},
  url = {http://www.silabs.com/Support%20Documents/TechnicalDocs/CP2102-9.pdf},
  note = "accessed 26/01/14"
}

@misc{AndroidUSBSerial,
  author = {{mik3y}},
  title = {usb-serial-for-android},
  url = {https://github.com/mik3y/usb-serial-for-android},
  note = "accessed 26/01/14"
}

@article{ShanonNyquist,
  author = {Shannon, Claude},
  journal = {Bell System Technical Journal},
  month = {July, October},
  pages = {379--423, 623--656},
  title = {A Mathematical Theory of Communication},
  url = {http://cm.bell-labs.com/cm/ms/what/shannonday/shannon1948.pdf},
  volume = 27,
  year = 1948
}

@misc{CC3000Cheap,
  author = {Benchoff, Brian},
  title = {Finally, TI is producing simple, cheap WiFi modules},
  year = 2013,
  url = {http://hackaday.com/2013/01/12/finally-ti-is-producing-simple-cheap-wifi-modules/},
  note = "accessed 26/01/14"
}

@misc{ArduinoProgrammer,
  author = {{Arduino}},
  title = {ArduinoToBreadboard},
  url = {http://arduino.cc/en/Tutorial/ArduinoToBreadboard},
  note = "accessed 26/01/14"
}

@misc{VerilogTutorial,
  author = {Tala, Deepak Kumar},
  title= {ASIC World},
  url = {http://www.asic-world.com/verilog/index.html},
  note = "accessed 01/02/14"
}

@misc{VerilogWiki,
  author = {{Wikipedia}},
  title = "Verilog --- {W}ikipedia{,} The Free Encyclopedia",
  year = 2013,
  url = {http://en.wikipedia.org/wiki/Verilog},
  note = "accessed 01/02/14"
}

@misc{DSOPhoto,
  author = {{mightyohm}},
  title = {New Oscilloscope},
  url = {http://flic.kr/p/6rdh6K},
  note = "accessed 18/02/14"
}

@misc{CROPhoto,
  author = {{jepoirrier}},
  title = {Oscilloscope with noise},
  url = {http://flic.kr/p/6uyTN1},
  note = "accessed 18/02/14"
}

@misc{CrystalOscillators,
  author = {{Semtech}},
  title = {Improving the Accuracy of a Crystal Oscillator},
  url = {www.semtech.com/images/datasheet/xo_precision_std.pdf},
  note = "accessed 18/02/14"
}

@book{FourierSeries,
  author = {Riley, K.F. and Hobson, M.P. and Bence, S.J.},
  title = {Mathematical Methods for Physics and Engineering},
  publisher = {Cambridge University Publishing},
  year = 2002,
  edition = 2
}

@misc{LadyAdaSamples,
  author = {Fried, Limor},
  title = {Finding Parts: Getting Samples from Manufacturers},
  url = {http://www.ladyada.net/library/procure/samples.html},
  note = "accessed 19/02/14"
}
